
@ARTICLE{MCS98,
   author = {{Magain}, P. and {Courbin}, F. and {Sohy}, S.},
    title = "{Deconvolution with Correct Sampling}",
  journal = {\apj},
   eprint = {arXiv:astro-ph/9704059},
 keywords = {METHODS: DATA ANALYSIS, METHODS: NUMERICAL, TECHNIQUES: IMAGE PROCESSING},
     year = 1998,
    month = feb,
   volume = 494,
    pages = {472},
      doi = {10.1086/305187},
   adsurl = {http://adsabs.harvard.edu/abs/1998ApJ...494..472M}
}

@ARTICLE{Lup++04,
   author = {{Lupton}, R. and {Blanton}, M.~R. and {Fekete}, G. and {Hogg}, D.~W. and 
	{O'Mullane}, W. and {Szalay}, A. and {Wherry}, N.},
    title = "{Preparing Red-Green-Blue Images from CCD Data}",
  journal = {\pasp},
   eprint = {arXiv:astro-ph/0312483},
 keywords = {Techniques: Image Processing, Techniques: Photometric},
     year = 2004,
    month = feb,
   volume = 116,
    pages = {133-137},
      doi = {10.1086/382245},
   adsurl = {http://adsabs.harvard.edu/abs/2004PASP..116..133L}
}


@INPROCEEDINGS{Whe++04,
   author = {{Wherry}, N. and {Blanton}, M.~R. and {Hogg}, D.~W. and {Lupton}, R.~H.
	},
    title = "{Producing Prettier Pictures}",
booktitle = {American Astronomical Society Meeting Abstracts \#204},
     year = 2004,
   series = {Bulletin of the American Astronomical Society},
   volume = 36,
    month = may,
    pages = {806},
   adsurl = {http://adsabs.harvard.edu/abs/2004AAS...204.7605W}
}

%% LENSES
@ARTICLE{O+M10,
   author = {{Oguri}, M. and {Marshall}, P.~J.},
    title = "{Gravitationally lensed quasars and supernovae in future wide-field optical imaging surveys}",
  journal = {\mnras},
archivePrefix = "arXiv",
   eprint = {1001.2037},
 primaryClass = "astro-ph.CO",
 keywords = {gravitational lensing: strong, cosmological parameters, cosmology: theory},
     year = 2010,
    month = jul,
   volume = 405,
    pages = {2579-2593},
      doi = {10.1111/j.1365-2966.2010.16639.x},
   adsurl = {http://adsabs.harvard.edu/abs/2010MNRAS.405.2579O},
  adsnote = {Provided by the SAO/NASA Astrophysics Data System}
}

@ARTICLE{Paw++12,
   author = {{Pawase}, R.~S. and {Faure}, C. and {Courbin}, F. and {Kokotanekova}, R. and 
	{Meylan}, G.},
    title = "{A seven square degrees survey for galaxy-scale gravitational lenses with the HST imaging archive}",
  journal = {ArXiv e-prints},
archivePrefix = "arXiv",
   eprint = {1206.3412},
 primaryClass = "astro-ph.CO",
 keywords = {Astrophysics - Cosmology and Extragalactic Astrophysics},
     year = 2012,
    month = jun,
   adsurl = {http://adsabs.harvard.edu/abs/2012arXiv1206.3412P},
  adsnote = {Provided by the SAO/NASA Astrophysics Data System}
}



%% GALAXY MORPHOLOGY

@ARTICLE{Lah++95,
   author = {{Lahav}, O. and {Naim}, A. and {Buta}, R.~J. and {Corwin}, H.~G. and 
	{de Vaucouleurs}, G. and {Dressler}, A. and {Huchra}, J.~P. and 
	{van den Bergh}, S. and {Raychaudhury}, S. and {Sodre}, Jr., L. and 
	{Storrie-Lombardi}, M.~C.},
    title = "{Galaxies, Human Eyes, and Artificial Neural Networks}",
  journal = {Science},
   eprint = {arXiv:astro-ph/9412027},
     year = 1995,
    month = feb,
   volume = 267,
    pages = {859-862},
      doi = {10.1126/science.267.5199.859},
   adsurl = {http://adsabs.harvard.edu/abs/1995Sci...267..859L},
  adsnote = {Provided by the SAO/NASA Astrophysics Data System}
}
@ARTICLE{vdB02,
   author = {{van den Bergh}, S.},
    title = "{Evolution of Galaxy Morphology}",
  journal = {ArXiv Astrophysics e-prints},
   eprint = {arXiv:astro-ph/0208160},
 keywords = {Astrophysics},
     year = 2002,
    month = aug,
   adsurl = {http://adsabs.harvard.edu/abs/2002astro.ph..8160V},
  adsnote = {Provided by the SAO/NASA Astrophysics Data System}
}

